@inproceedings{greedy_algorithms,
 author    = {T. Blumensath, M. E. Davies, and G. Rilling},
 title     = {Greedy algorithms for compressed sensing},
 year      = {2012},
 pages     = {348-393},
 editor    = {Y. C. Eldar, & G. Kutyniok},
 booktitle     = {Compressed Sensing: Theory and Applications},
 address   = {Cambridge, GB},
 publisher = {Cambridge University Press.}
}



@Article{iht,
  author = 	 "T. Blumensath and M.E. Davies",
  title = 	 "Iterative thresholding for sparse approximations",
  journal =	 "The Journal of Fourier Analysis and Applications",
  year =	 "2008",
  volume =	 "14",
  number =	 "5-6",
  pages =	 "629-654"
}

@Article{aiht,
  author = 	 "T. Blumensath",
  title = 	 " Accelerated iterative hard thresholding",
  journal =	 "The Journal of Fourier Analysis and Applications",
  year =	 "2012",
  volume =	 "92",
  number =	 "3",
  pages =	 "265-274"
}


@Article{niht,
  author = 	 "T. Blumensath and M.E. Davies",
  title = 	 "Normalized Iterative Hard Thresholding: Guaranteed Stability and Performance",
  journal =	 "IEEE Selected Topics in Signal Processing",
  year =	 "2010",
  volume =	 "4",
  number =	 "2",
  pages =	 "298-309"
}