%% This BibTeX bibliography file was created using BibDesk.
%% http://bibdesk.sourceforge.net/


%% Created for Nezihe Merve Gurel at 2016-03-14 14:21:44 +0100 


%% Saved with string encoding Unicode (UTF-8) 



@article{uc,
	Author = {S. Bhatnagar, U. Rau, K. Golap},
	Date-Added = {2016-03-13 13:28:17 +0000},
	Date-Modified = {2016-03-13 13:29:54 +0000},
	Journal = {The Astrophysical Journal},
	Title = {Wide-field wide-band interferometric imaging: The WB A-projection and hybrid algorithms},
	Year = {2013},
	Bdsk-File-1 = {YnBsaXN0MDDUAQIDBAUGJCVYJHZlcnNpb25YJG9iamVjdHNZJGFyY2hpdmVyVCR0b3ASAAGGoKgHCBMUFRYaIVUkbnVsbNMJCgsMDxJXTlMua2V5c1pOUy5vYmplY3RzViRjbGFzc6INDoACgAOiEBGABIAFgAdccmVsYXRpdmVQYXRoWWFsaWFzRGF0YV8QUC4uLy4uLy4uL1VzZXJzL25lemloZW1lcnZlZ3VyZWwvRG93bmxvYWRzL1dpam5ob2xkc19CcmVnbWFuX0xGQUFfY2FsaWJyYXRpb24ucGRm0hcLGBlXTlMuZGF0YU8RAewAAAAAAewAAgAADE1hY2ludG9zaCBIRAAAAAAAAAAAAAAAAAAAAM/URuZIKwAAAAk3Fh9XaWpuaG9sZHNfQnJlZ21hbl9MIzEwRUYyMzcucGRmAAAAAAAAAAAAAAAAAAAAAAAAAAAAAAAAAAAAAAAAAAABDvI30wnoUgAAAAAAAAAA/////wAACSAAAAAAAAAAAAAAAAAAAAAJRG93bmxvYWRzAAAQAAgAAM/UKsYAAAARAAgAANMJ2kIAAAABAAwACTcWAAk3EwACZvkAAgBQTWFjaW50b3NoIEhEOlVzZXJzOgBuZXppaGVtZXJ2ZWd1cmVsOgBEb3dubG9hZHM6AFdpam5ob2xkc19CcmVnbWFuX0wjMTBFRjIzNy5wZGYADgBOACYAVwBpAGoAbgBoAG8AbABkAHMAXwBCAHIAZQBnAG0AYQBuAF8ATABGAEEAQQBfAGMAYQBsAGkAYgByAGEAdABpAG8AbgAuAHAAZABmAA8AGgAMAE0AYQBjAGkAbgB0AG8AcwBoACAASABEABIAR1VzZXJzL25lemloZW1lcnZlZ3VyZWwvRG93bmxvYWRzL1dpam5ob2xkc19CcmVnbWFuX0xGQUFfY2FsaWJyYXRpb24ucGRmAAATAAEvAAAVAAIAF///AACABtIbHB0eWiRjbGFzc25hbWVYJGNsYXNzZXNdTlNNdXRhYmxlRGF0YaMdHyBWTlNEYXRhWE5TT2JqZWN00hscIiNcTlNEaWN0aW9uYXJ5oiIgXxAPTlNLZXllZEFyY2hpdmVy0SYnVHJvb3SAAQAIABEAGgAjAC0AMgA3AEAARgBNAFUAYABnAGoAbABuAHEAcwB1AHcAhACOAOEA5gDuAt4C4ALlAvAC+QMHAwsDEgMbAyADLQMwA0IDRQNKAAAAAAAAAgEAAAAAAAAAKAAAAAAAAAAAAAAAAAAAA0w=}}

@article{ondokuz,
	Author = {Cyril Tasse, S. van der Tol, J. van Zwieten, Ger van Diepen, S. Bhatnagar},
	Date-Added = {2016-03-13 13:26:31 +0000},
	Date-Modified = {2016-03-13 13:38:36 +0000},
	Journal = {Astronomy and Astrophysics},
	Title = {A-projection to very wide field of view instruments: An imager for LOFAR},
	Year = {2013},
	Bdsk-File-1 = {YnBsaXN0MDDUAQIDBAUGJCVYJHZlcnNpb25YJG9iamVjdHNZJGFyY2hpdmVyVCR0b3ASAAGGoKgHCBMUFRYaIVUkbnVsbNMJCgsMDxJXTlMua2V5c1pOUy5vYmplY3RzViRjbGFzc6INDoACgAOiEBGABIAFgAdccmVsYXRpdmVQYXRoWWFsaWFzRGF0YV8QUC4uLy4uLy4uL1VzZXJzL25lemloZW1lcnZlZ3VyZWwvRG93bmxvYWRzL1dpam5ob2xkc19CcmVnbWFuX0xGQUFfY2FsaWJyYXRpb24ucGRm0hcLGBlXTlMuZGF0YU8RAewAAAAAAewAAgAADE1hY2ludG9zaCBIRAAAAAAAAAAAAAAAAAAAAM/URuZIKwAAAAk3Fh9XaWpuaG9sZHNfQnJlZ21hbl9MIzEwRUYyMzcucGRmAAAAAAAAAAAAAAAAAAAAAAAAAAAAAAAAAAAAAAAAAAABDvI30wnoUgAAAAAAAAAA/////wAACSAAAAAAAAAAAAAAAAAAAAAJRG93bmxvYWRzAAAQAAgAAM/UKsYAAAARAAgAANMJ2kIAAAABAAwACTcWAAk3EwACZvkAAgBQTWFjaW50b3NoIEhEOlVzZXJzOgBuZXppaGVtZXJ2ZWd1cmVsOgBEb3dubG9hZHM6AFdpam5ob2xkc19CcmVnbWFuX0wjMTBFRjIzNy5wZGYADgBOACYAVwBpAGoAbgBoAG8AbABkAHMAXwBCAHIAZQBnAG0AYQBuAF8ATABGAEEAQQBfAGMAYQBsAGkAYgByAGEAdABpAG8AbgAuAHAAZABmAA8AGgAMAE0AYQBjAGkAbgB0AG8AcwBoACAASABEABIAR1VzZXJzL25lemloZW1lcnZlZ3VyZWwvRG93bmxvYWRzL1dpam5ob2xkc19CcmVnbWFuX0xGQUFfY2FsaWJyYXRpb24ucGRmAAATAAEvAAAVAAIAF///AACABtIbHB0eWiRjbGFzc25hbWVYJGNsYXNzZXNdTlNNdXRhYmxlRGF0YaMdHyBWTlNEYXRhWE5TT2JqZWN00hscIiNcTlNEaWN0aW9uYXJ5oiIgXxAPTlNLZXllZEFyY2hpdmVy0SYnVHJvb3SAAQAIABEAGgAjAC0AMgA3AEAARgBNAFUAYABnAGoAbABuAHEAcwB1AHcAhACOAOEA5gDuAt4C4ALlAvAC+QMHAwsDEgMbAyADLQMwA0IDRQNKAAAAAAAAAgEAAAAAAAAAKAAAAAAAAAAAAAAAAAAAA0w=}}

@article{veen,
	Author = {A.J. van der Veen, S.J. Wijinholds},
	Date-Added = {2016-03-13 13:16:21 +0000},
	Date-Modified = {2016-03-13 13:17:59 +0000},
	Journal = {Handbook of Signal Processing Systems},
	Title = {Signal Processing Tools for Radio Astronomy},
	Year = {2013},
	Bdsk-File-1 = {YnBsaXN0MDDUAQIDBAUGJCVYJHZlcnNpb25YJG9iamVjdHNZJGFyY2hpdmVyVCR0b3ASAAGGoKgHCBMUFRYaIVUkbnVsbNMJCgsMDxJXTlMua2V5c1pOUy5vYmplY3RzViRjbGFzc6INDoACgAOiEBGABIAFgAdccmVsYXRpdmVQYXRoWWFsaWFzRGF0YV8QUC4uLy4uLy4uL1VzZXJzL25lemloZW1lcnZlZ3VyZWwvRG93bmxvYWRzL1dpam5ob2xkc19CcmVnbWFuX0xGQUFfY2FsaWJyYXRpb24ucGRm0hcLGBlXTlMuZGF0YU8RAewAAAAAAewAAgAADE1hY2ludG9zaCBIRAAAAAAAAAAAAAAAAAAAAM/URuZIKwAAAAk3Fh9XaWpuaG9sZHNfQnJlZ21hbl9MIzEwRUYyMzcucGRmAAAAAAAAAAAAAAAAAAAAAAAAAAAAAAAAAAAAAAAAAAABDvI30wnoUgAAAAAAAAAA/////wAACSAAAAAAAAAAAAAAAAAAAAAJRG93bmxvYWRzAAAQAAgAAM/UKsYAAAARAAgAANMJ2kIAAAABAAwACTcWAAk3EwACZvkAAgBQTWFjaW50b3NoIEhEOlVzZXJzOgBuZXppaGVtZXJ2ZWd1cmVsOgBEb3dubG9hZHM6AFdpam5ob2xkc19CcmVnbWFuX0wjMTBFRjIzNy5wZGYADgBOACYAVwBpAGoAbgBoAG8AbABkAHMAXwBCAHIAZQBnAG0AYQBuAF8ATABGAEEAQQBfAGMAYQBsAGkAYgByAGEAdABpAG8AbgAuAHAAZABmAA8AGgAMAE0AYQBjAGkAbgB0AG8AcwBoACAASABEABIAR1VzZXJzL25lemloZW1lcnZlZ3VyZWwvRG93bmxvYWRzL1dpam5ob2xkc19CcmVnbWFuX0xGQUFfY2FsaWJyYXRpb24ucGRmAAATAAEvAAAVAAIAF///AACABtIbHB0eWiRjbGFzc25hbWVYJGNsYXNzZXNdTlNNdXRhYmxlRGF0YaMdHyBWTlNEYXRhWE5TT2JqZWN00hscIiNcTlNEaWN0aW9uYXJ5oiIgXxAPTlNLZXllZEFyY2hpdmVy0SYnVHJvb3SAAQAIABEAGgAjAC0AMgA3AEAARgBNAFUAYABnAGoAbABuAHEAcwB1AHcAhACOAOEA5gDuAt4C4ALlAvAC+QMHAwsDEgMbAyADLQMwA0IDRQNKAAAAAAAAAgEAAAAAAAAAKAAAAAAAAAAAAAAAAAAAA0w=}}

@mastersthesis{orhan,
	Author = {Orhan {\"O}{\c c}al},
	Date-Added = {2016-03-13 13:10:58 +0000},
	Date-Modified = {2016-03-13 13:11:39 +0000},
	School = {Ecole Polytechnique Federale de Lausanne},
	Title = {Data Reduction Algorithms for Radio Astronomy Antenna Stations},
	Year = {2014},
	Bdsk-File-1 = {YnBsaXN0MDDUAQIDBAUGJCVYJHZlcnNpb25YJG9iamVjdHNZJGFyY2hpdmVyVCR0b3ASAAGGoKgHCBMUFRYaIVUkbnVsbNMJCgsMDxJXTlMua2V5c1pOUy5vYmplY3RzViRjbGFzc6INDoACgAOiEBGABIAFgAdccmVsYXRpdmVQYXRoWWFsaWFzRGF0YV8QUC4uLy4uLy4uL1VzZXJzL25lemloZW1lcnZlZ3VyZWwvRG93bmxvYWRzL1dpam5ob2xkc19CcmVnbWFuX0xGQUFfY2FsaWJyYXRpb24ucGRm0hcLGBlXTlMuZGF0YU8RAewAAAAAAewAAgAADE1hY2ludG9zaCBIRAAAAAAAAAAAAAAAAAAAAM/URuZIKwAAAAk3Fh9XaWpuaG9sZHNfQnJlZ21hbl9MIzEwRUYyMzcucGRmAAAAAAAAAAAAAAAAAAAAAAAAAAAAAAAAAAAAAAAAAAABDvI30wnoUgAAAAAAAAAA/////wAACSAAAAAAAAAAAAAAAAAAAAAJRG93bmxvYWRzAAAQAAgAAM/UKsYAAAARAAgAANMJ2kIAAAABAAwACTcWAAk3EwACZvkAAgBQTWFjaW50b3NoIEhEOlVzZXJzOgBuZXppaGVtZXJ2ZWd1cmVsOgBEb3dubG9hZHM6AFdpam5ob2xkc19CcmVnbWFuX0wjMTBFRjIzNy5wZGYADgBOACYAVwBpAGoAbgBoAG8AbABkAHMAXwBCAHIAZQBnAG0AYQBuAF8ATABGAEEAQQBfAGMAYQBsAGkAYgByAGEAdABpAG8AbgAuAHAAZABmAA8AGgAMAE0AYQBjAGkAbgB0AG8AcwBoACAASABEABIAR1VzZXJzL25lemloZW1lcnZlZ3VyZWwvRG93bmxvYWRzL1dpam5ob2xkc19CcmVnbWFuX0xGQUFfY2FsaWJyYXRpb24ucGRmAAATAAEvAAAVAAIAF///AACABtIbHB0eWiRjbGFzc25hbWVYJGNsYXNzZXNdTlNNdXRhYmxlRGF0YaMdHyBWTlNEYXRhWE5TT2JqZWN00hscIiNcTlNEaWN0aW9uYXJ5oiIgXxAPTlNLZXllZEFyY2hpdmVy0SYnVHJvb3SAAQAIABEAGgAjAC0AMgA3AEAARgBNAFUAYABnAGoAbABuAHEAcwB1AHcAhACOAOEA5gDuAt4C4ALlAvAC+QMHAwsDEgMbAyADLQMwA0IDRQNKAAAAAAAAAgEAAAAAAAAAKAAAAAAAAAAAAAAAAAAAA0w=}}

@conference{perley,
	Author = {G. B. Taylor, C. L. Carilli, R. A. Perley, National Radio Astronomy Observatory (U.s.)},
	Booktitle = {ASP Conf. Series},
	Date-Added = {2016-03-13 13:08:01 +0000},
	Date-Modified = {2016-03-13 13:09:50 +0000},
	Title = {SynthesisImaging in Radio Astronomy II},
	Year = {1999},
	Bdsk-File-1 = {YnBsaXN0MDDUAQIDBAUGJCVYJHZlcnNpb25YJG9iamVjdHNZJGFyY2hpdmVyVCR0b3ASAAGGoKgHCBMUFRYaIVUkbnVsbNMJCgsMDxJXTlMua2V5c1pOUy5vYmplY3RzViRjbGFzc6INDoACgAOiEBGABIAFgAdccmVsYXRpdmVQYXRoWWFsaWFzRGF0YV8QUC4uLy4uLy4uL1VzZXJzL25lemloZW1lcnZlZ3VyZWwvRG93bmxvYWRzL1dpam5ob2xkc19CcmVnbWFuX0xGQUFfY2FsaWJyYXRpb24ucGRm0hcLGBlXTlMuZGF0YU8RAewAAAAAAewAAgAADE1hY2ludG9zaCBIRAAAAAAAAAAAAAAAAAAAAM/URuZIKwAAAAk3Fh9XaWpuaG9sZHNfQnJlZ21hbl9MIzEwRUYyMzcucGRmAAAAAAAAAAAAAAAAAAAAAAAAAAAAAAAAAAAAAAAAAAABDvI30wnoUgAAAAAAAAAA/////wAACSAAAAAAAAAAAAAAAAAAAAAJRG93bmxvYWRzAAAQAAgAAM/UKsYAAAARAAgAANMJ2kIAAAABAAwACTcWAAk3EwACZvkAAgBQTWFjaW50b3NoIEhEOlVzZXJzOgBuZXppaGVtZXJ2ZWd1cmVsOgBEb3dubG9hZHM6AFdpam5ob2xkc19CcmVnbWFuX0wjMTBFRjIzNy5wZGYADgBOACYAVwBpAGoAbgBoAG8AbABkAHMAXwBCAHIAZQBnAG0AYQBuAF8ATABGAEEAQQBfAGMAYQBsAGkAYgByAGEAdABpAG8AbgAuAHAAZABmAA8AGgAMAE0AYQBjAGkAbgB0AG8AcwBoACAASABEABIAR1VzZXJzL25lemloZW1lcnZlZ3VyZWwvRG93bmxvYWRzL1dpam5ob2xkc19CcmVnbWFuX0xGQUFfY2FsaWJyYXRpb24ucGRmAAATAAEvAAAVAAIAF///AACABtIbHB0eWiRjbGFzc25hbWVYJGNsYXNzZXNdTlNNdXRhYmxlRGF0YaMdHyBWTlNEYXRhWE5TT2JqZWN00hscIiNcTlNEaWN0aW9uYXJ5oiIgXxAPTlNLZXllZEFyY2hpdmVy0SYnVHJvb3SAAQAIABEAGgAjAC0AMgA3AEAARgBNAFUAYABnAGoAbABuAHEAcwB1AHcAhACOAOEA5gDuAt4C4ALlAvAC+QMHAwsDEgMbAyADLQMwA0IDRQNKAAAAAAAAAgEAAAAAAAAAKAAAAAAAAAAAAAAAAAAAA0w=}}

@article{carl,
	Author = {C. M. Jansky},
	Date-Added = {2016-03-13 13:02:17 +0000},
	Date-Modified = {2016-03-13 13:04:36 +0000},
	Journal = {ProcIRE},
	Pages = {13},
	Title = {The discovery and identification by Karl Guthe Janskyof electromagnetic radiation of extraterrestrial origin in the radio spectrum},
	Volume = {46},
	Year = {1958},
	Bdsk-File-1 = {YnBsaXN0MDDUAQIDBAUGJCVYJHZlcnNpb25YJG9iamVjdHNZJGFyY2hpdmVyVCR0b3ASAAGGoKgHCBMUFRYaIVUkbnVsbNMJCgsMDxJXTlMua2V5c1pOUy5vYmplY3RzViRjbGFzc6INDoACgAOiEBGABIAFgAdccmVsYXRpdmVQYXRoWWFsaWFzRGF0YV8QUC4uLy4uLy4uL1VzZXJzL25lemloZW1lcnZlZ3VyZWwvRG93bmxvYWRzL1dpam5ob2xkc19CcmVnbWFuX0xGQUFfY2FsaWJyYXRpb24ucGRm0hcLGBlXTlMuZGF0YU8RAewAAAAAAewAAgAADE1hY2ludG9zaCBIRAAAAAAAAAAAAAAAAAAAAM/URuZIKwAAAAk3Fh9XaWpuaG9sZHNfQnJlZ21hbl9MIzEwRUYyMzcucGRmAAAAAAAAAAAAAAAAAAAAAAAAAAAAAAAAAAAAAAAAAAABDvI30wnoUgAAAAAAAAAA/////wAACSAAAAAAAAAAAAAAAAAAAAAJRG93bmxvYWRzAAAQAAgAAM/UKsYAAAARAAgAANMJ2kIAAAABAAwACTcWAAk3EwACZvkAAgBQTWFjaW50b3NoIEhEOlVzZXJzOgBuZXppaGVtZXJ2ZWd1cmVsOgBEb3dubG9hZHM6AFdpam5ob2xkc19CcmVnbWFuX0wjMTBFRjIzNy5wZGYADgBOACYAVwBpAGoAbgBoAG8AbABkAHMAXwBCAHIAZQBnAG0AYQBuAF8ATABGAEEAQQBfAGMAYQBsAGkAYgByAGEAdABpAG8AbgAuAHAAZABmAA8AGgAMAE0AYQBjAGkAbgB0AG8AcwBoACAASABEABIAR1VzZXJzL25lemloZW1lcnZlZ3VyZWwvRG93bmxvYWRzL1dpam5ob2xkc19CcmVnbWFuX0xGQUFfY2FsaWJyYXRpb24ucGRmAAATAAEvAAAVAAIAF///AACABtIbHB0eWiRjbGFzc25hbWVYJGNsYXNzZXNdTlNNdXRhYmxlRGF0YaMdHyBWTlNEYXRhWE5TT2JqZWN00hscIiNcTlNEaWN0aW9uYXJ5oiIgXxAPTlNLZXllZEFyY2hpdmVy0SYnVHJvb3SAAQAIABEAGgAjAC0AMgA3AEAARgBNAFUAYABnAGoAbABuAHEAcwB1AHcAhACOAOEA5gDuAt4C4ALlAvAC+QMHAwsDEgMbAyADLQMwA0IDRQNKAAAAAAAAAgEAAAAAAAAAKAAAAAAAAAAAAAAAAAAAA0w=}}

@article{fri,
	Author = {Thierry Blu, Pier-Luigi Dragotti, Martin Vetterli, Pina Marziliano, Lionel Coulot},
	Date-Added = {2016-03-12 15:01:47 +0000},
	Date-Modified = {2016-03-13 13:36:36 +0000},
	Journal = {IEEE Signal Processing Magazine, Special issue on Compressive Sampling},
	Title = {Sparce Sampling of Signal Innovations: Theory, Algorithms and Performance Bounds},
	Year = {2008},
	Bdsk-File-1 = {YnBsaXN0MDDUAQIDBAUGJCVYJHZlcnNpb25YJG9iamVjdHNZJGFyY2hpdmVyVCR0b3ASAAGGoKgHCBMUFRYaIVUkbnVsbNMJCgsMDxJXTlMua2V5c1pOUy5vYmplY3RzViRjbGFzc6INDoACgAOiEBGABIAFgAdccmVsYXRpdmVQYXRoWWFsaWFzRGF0YV8QUC4uLy4uLy4uL1VzZXJzL25lemloZW1lcnZlZ3VyZWwvRG93bmxvYWRzL1dpam5ob2xkc19CcmVnbWFuX0xGQUFfY2FsaWJyYXRpb24ucGRm0hcLGBlXTlMuZGF0YU8RAewAAAAAAewAAgAADE1hY2ludG9zaCBIRAAAAAAAAAAAAAAAAAAAAM/URuZIKwAAAAk3Fh9XaWpuaG9sZHNfQnJlZ21hbl9MIzEwRUYyMzcucGRmAAAAAAAAAAAAAAAAAAAAAAAAAAAAAAAAAAAAAAAAAAABDvI30wnoUgAAAAAAAAAA/////wAACSAAAAAAAAAAAAAAAAAAAAAJRG93bmxvYWRzAAAQAAgAAM/UKsYAAAARAAgAANMJ2kIAAAABAAwACTcWAAk3EwACZvkAAgBQTWFjaW50b3NoIEhEOlVzZXJzOgBuZXppaGVtZXJ2ZWd1cmVsOgBEb3dubG9hZHM6AFdpam5ob2xkc19CcmVnbWFuX0wjMTBFRjIzNy5wZGYADgBOACYAVwBpAGoAbgBoAG8AbABkAHMAXwBCAHIAZQBnAG0AYQBuAF8ATABGAEEAQQBfAGMAYQBsAGkAYgByAGEAdABpAG8AbgAuAHAAZABmAA8AGgAMAE0AYQBjAGkAbgB0AG8AcwBoACAASABEABIAR1VzZXJzL25lemloZW1lcnZlZ3VyZWwvRG93bmxvYWRzL1dpam5ob2xkc19CcmVnbWFuX0xGQUFfY2FsaWJyYXRpb24ucGRmAAATAAEvAAAVAAIAF///AACABtIbHB0eWiRjbGFzc25hbWVYJGNsYXNzZXNdTlNNdXRhYmxlRGF0YaMdHyBWTlNEYXRhWE5TT2JqZWN00hscIiNcTlNEaWN0aW9uYXJ5oiIgXxAPTlNLZXllZEFyY2hpdmVy0SYnVHJvb3SAAQAIABEAGgAjAC0AMgA3AEAARgBNAFUAYABnAGoAbABuAHEAcwB1AHcAhACOAOEA5gDuAt4C4ALlAvAC+QMHAwsDEgMbAyADLQMwA0IDRQNKAAAAAAAAAgEAAAAAAAAAKAAAAAAAAAAAAAAAAAAAA0w=}}

@proceedings{snr,
	Author = {Stefan J. Wijnholds, Jaap Bregman},
	Date-Added = {2016-03-12 14:41:22 +0000},
	Date-Modified = {2016-03-12 14:44:13 +0000},
	Title = {Calibratability by Design for SKA's Low Frequency Aperture Array},
	Year = {2015},
	Bdsk-File-1 = {YnBsaXN0MDDUAQIDBAUGJCVYJHZlcnNpb25YJG9iamVjdHNZJGFyY2hpdmVyVCR0b3ASAAGGoKgHCBMUFRYaIVUkbnVsbNMJCgsMDxJXTlMua2V5c1pOUy5vYmplY3RzViRjbGFzc6INDoACgAOiEBGABIAFgAdccmVsYXRpdmVQYXRoWWFsaWFzRGF0YV8QTi4uLy4uLy4uL1VzZXJzL25lemloZW1lcnZlZ3VyZWwvRG93bmxvYWRzL3JhZGlvX2FzdHJvbm9teV9sZWNfOF9tYV9nYXJyZXR0LnBkZtIXCxgZV05TLmRhdGFPEQHmAAAAAAHmAAIAAAxNYWNpbnRvc2ggSEQAAAAAAAAAAAAAAAAAAADP1EbmSCsAAAAJNxYfcmFkaW9fYXN0cm9ub215X2xlYyMxMEVFQ0E3LnBkZgAAAAAAAAAAAAAAAAAAAAAAAAAAAAAAAAAAAAAAAAAAAQ7sp9MJ3owAAAAAAAAAAP////8AAAkgAAAAAAAAAAAAAAAAAAAACURvd25sb2FkcwAAEAAIAADP1CrGAAAAEQAIAADTCdB8AAAAAQAMAAk3FgAJNxMAAmb5AAIAUE1hY2ludG9zaCBIRDpVc2VyczoAbmV6aWhlbWVydmVndXJlbDoARG93bmxvYWRzOgByYWRpb19hc3Ryb25vbXlfbGVjIzEwRUVDQTcucGRmAA4ASgAkAHIAYQBkAGkAbwBfAGEAcwB0AHIAbwBuAG8AbQB5AF8AbABlAGMAXwA4AF8AbQBhAF8AZwBhAHIAcgBlAHQAdAAuAHAAZABmAA8AGgAMAE0AYQBjAGkAbgB0AG8AcwBoACAASABEABIARVVzZXJzL25lemloZW1lcnZlZ3VyZWwvRG93bmxvYWRzL3JhZGlvX2FzdHJvbm9teV9sZWNfOF9tYV9nYXJyZXR0LnBkZgAAEwABLwAAFQACABf//wAAgAbSGxwdHlokY2xhc3NuYW1lWCRjbGFzc2VzXU5TTXV0YWJsZURhdGGjHR8gVk5TRGF0YVhOU09iamVjdNIbHCIjXE5TRGljdGlvbmFyeaIiIF8QD05TS2V5ZWRBcmNoaXZlctEmJ1Ryb290gAEACAARABoAIwAtADIANwBAAEYATQBVAGAAZwBqAGwAbgBxAHMAdQB3AIQAjgDfAOQA7ALWAtgC3QLoAvEC/wMDAwoDEwMYAyUDKAM6Az0DQgAAAAAAAAIBAAAAAAAAACgAAAAAAAAAAAAAAAAAAANE}}

@article{dbsnr,
	Author = {Yoshiki Kayano, Hiroshi Inoue},
	Date-Added = {2016-03-12 14:39:41 +0000},
	Date-Modified = {2016-03-12 14:41:20 +0000},
	Journal = {Radio Science},
	Title = {A study on characteristics of EM radiation from stripline structure},
	Year = {2011},
	Bdsk-File-1 = {YnBsaXN0MDDUAQIDBAUGJCVYJHZlcnNpb25YJG9iamVjdHNZJGFyY2hpdmVyVCR0b3ASAAGGoKgHCBMUFRYaIVUkbnVsbNMJCgsMDxJXTlMua2V5c1pOUy5vYmplY3RzViRjbGFzc6INDoACgAOiEBGABIAFgAdccmVsYXRpdmVQYXRoWWFsaWFzRGF0YV8QTi4uLy4uLy4uL1VzZXJzL25lemloZW1lcnZlZ3VyZWwvRG93bmxvYWRzL3JhZGlvX2FzdHJvbm9teV9sZWNfOF9tYV9nYXJyZXR0LnBkZtIXCxgZV05TLmRhdGFPEQHmAAAAAAHmAAIAAAxNYWNpbnRvc2ggSEQAAAAAAAAAAAAAAAAAAADP1EbmSCsAAAAJNxYfcmFkaW9fYXN0cm9ub215X2xlYyMxMEVFQ0E3LnBkZgAAAAAAAAAAAAAAAAAAAAAAAAAAAAAAAAAAAAAAAAAAAQ7sp9MJ3owAAAAAAAAAAP////8AAAkgAAAAAAAAAAAAAAAAAAAACURvd25sb2FkcwAAEAAIAADP1CrGAAAAEQAIAADTCdB8AAAAAQAMAAk3FgAJNxMAAmb5AAIAUE1hY2ludG9zaCBIRDpVc2VyczoAbmV6aWhlbWVydmVndXJlbDoARG93bmxvYWRzOgByYWRpb19hc3Ryb25vbXlfbGVjIzEwRUVDQTcucGRmAA4ASgAkAHIAYQBkAGkAbwBfAGEAcwB0AHIAbwBuAG8AbQB5AF8AbABlAGMAXwA4AF8AbQBhAF8AZwBhAHIAcgBlAHQAdAAuAHAAZABmAA8AGgAMAE0AYQBjAGkAbgB0AG8AcwBoACAASABEABIARVVzZXJzL25lemloZW1lcnZlZ3VyZWwvRG93bmxvYWRzL3JhZGlvX2FzdHJvbm9teV9sZWNfOF9tYV9nYXJyZXR0LnBkZgAAEwABLwAAFQACABf//wAAgAbSGxwdHlokY2xhc3NuYW1lWCRjbGFzc2VzXU5TTXV0YWJsZURhdGGjHR8gVk5TRGF0YVhOU09iamVjdNIbHCIjXE5TRGljdGlvbmFyeaIiIF8QD05TS2V5ZWRBcmNoaXZlctEmJ1Ryb290gAEACAARABoAIwAtADIANwBAAEYATQBVAGAAZwBqAGwAbgBxAHMAdQB3AIQAjgDfAOQA7ALWAtgC3QLoAvEC/wMDAwoDEwMYAyUDKAM6Az0DQgAAAAAAAAIBAAAAAAAAACgAAAAAAAAAAAAAAAAAAANE}}

@misc{thro,
	Author = {Ivan Marti Vidal},
	Date-Added = {2016-03-12 13:56:26 +0000},
	Date-Modified = {2016-03-14 13:21:41 +0000},
	Howpublished = {http://www3.mpifr-bonn.mpg.de},
	Lastchecked = {12/03/2016},
	Month = {April},
	Title = {Nonlinear least squares},
	Urldate = {12/04/2011},
	Year = {2011},
	Bdsk-File-1 = {YnBsaXN0MDDUAQIDBAUGJCVYJHZlcnNpb25YJG9iamVjdHNZJGFyY2hpdmVyVCR0b3ASAAGGoKgHCBMUFRYaIVUkbnVsbNMJCgsMDxJXTlMua2V5c1pOUy5vYmplY3RzViRjbGFzc6INDoACgAOiEBGABIAFgAdccmVsYXRpdmVQYXRoWWFsaWFzRGF0YV8QSi4uLy4uLy4uL1VzZXJzL25lemloZW1lcnZlZ3VyZWwvRG93bmxvYWRzLzA0LUFtcGxpdHVkZS1GaXQvRXhwbGFuYXRpb24udHh00hcLGBlXTlMuZGF0YU8RAcQAAAAAAcQAAgAADE1hY2ludG9zaCBIRAAAAAAAAAAAAAAAAAAAAM/URuZIKwAAAQ7s6A9FeHBsYW5hdGlvbi50eHQAAAAAAAAAAAAAAAAAAAAAAAAAAAAAAAAAAAAAAAAAAAAAAAAAAAAAAAAAAAAAAAABDuzpycNlQgAAAAAAAAAA/////wAACSAAAAAAAAAAAAAAAAAAAAAQMDQtQW1wbGl0dWRlLUZpdAAQAAgAAM/UKsYAAAARAAgAAMnDSSIAAAABABABDuzoAAk3FgAJNxMAAmb5AAIAUk1hY2ludG9zaCBIRDpVc2VyczoAbmV6aWhlbWVydmVndXJlbDoARG93bmxvYWRzOgAwNC1BbXBsaXR1ZGUtRml0OgBFeHBsYW5hdGlvbi50eHQADgAgAA8ARQB4AHAAbABhAG4AYQB0AGkAbwBuAC4AdAB4AHQADwAaAAwATQBhAGMAaQBuAHQAbwBzAGgAIABIAEQAEgBBVXNlcnMvbmV6aWhlbWVydmVndXJlbC9Eb3dubG9hZHMvMDQtQW1wbGl0dWRlLUZpdC9FeHBsYW5hdGlvbi50eHQAABMAAS8AABUAAgAX//8AAIAG0hscHR5aJGNsYXNzbmFtZVgkY2xhc3Nlc11OU011dGFibGVEYXRhox0fIFZOU0RhdGFYTlNPYmplY3TSGxwiI1xOU0RpY3Rpb25hcnmiIiBfEA9OU0tleWVkQXJjaGl2ZXLRJidUcm9vdIABAAgAEQAaACMALQAyADcAQABGAE0AVQBgAGcAagBsAG4AcQBzAHUAdwCEAI4A2wDgAOgCsAKyArcCwgLLAtkC3QLkAu0C8gL/AwIDFAMXAxwAAAAAAAACAQAAAAAAAAAoAAAAAAAAAAAAAAAAAAADHg==}}

@electronic{throw,
	Author = {Mike Garrett},
	Date-Added = {2016-03-12 13:37:14 +0000},
	Date-Modified = {2016-03-12 13:48:58 +0000},
	Keywords = {calibration, interferometry},
	Lastchecked = {12/03/2016},
	Month = {September},
	Title = {Calibration and Advanced radio interferometry},
	Url = {https://www.astron.nl/~mag/dokuwiki/lib/exe/fetch.php?media=radio_astronomy_lec_8_ma_garrett.pdf},
	Urldate = {12/03/2016},
	Year = {2015},
	Bdsk-File-1 = {YnBsaXN0MDDUAQIDBAUGJCVYJHZlcnNpb25YJG9iamVjdHNZJGFyY2hpdmVyVCR0b3ASAAGGoKgHCBMUFRYaIVUkbnVsbNMJCgsMDxJXTlMua2V5c1pOUy5vYmplY3RzViRjbGFzc6INDoACgAOiEBGABIAFgAdccmVsYXRpdmVQYXRoWWFsaWFzRGF0YV8QTi4uLy4uLy4uL1VzZXJzL25lemloZW1lcnZlZ3VyZWwvRG93bmxvYWRzL3JhZGlvX2FzdHJvbm9teV9sZWNfOF9tYV9nYXJyZXR0LnBkZtIXCxgZV05TLmRhdGFPEQHmAAAAAAHmAAIAAAxNYWNpbnRvc2ggSEQAAAAAAAAAAAAAAAAAAADP1EbmSCsAAAAJNxYfcmFkaW9fYXN0cm9ub215X2xlYyMxMEVFQ0E3LnBkZgAAAAAAAAAAAAAAAAAAAAAAAAAAAAAAAAAAAAAAAAAAAQ7sp9MJ3owAAAAAAAAAAP////8AAAkgAAAAAAAAAAAAAAAAAAAACURvd25sb2FkcwAAEAAIAADP1CrGAAAAEQAIAADTCdB8AAAAAQAMAAk3FgAJNxMAAmb5AAIAUE1hY2ludG9zaCBIRDpVc2VyczoAbmV6aWhlbWVydmVndXJlbDoARG93bmxvYWRzOgByYWRpb19hc3Ryb25vbXlfbGVjIzEwRUVDQTcucGRmAA4ASgAkAHIAYQBkAGkAbwBfAGEAcwB0AHIAbwBuAG8AbQB5AF8AbABlAGMAXwA4AF8AbQBhAF8AZwBhAHIAcgBlAHQAdAAuAHAAZABmAA8AGgAMAE0AYQBjAGkAbgB0AG8AcwBoACAASABEABIARVVzZXJzL25lemloZW1lcnZlZ3VyZWwvRG93bmxvYWRzL3JhZGlvX2FzdHJvbm9teV9sZWNfOF9tYV9nYXJyZXR0LnBkZgAAEwABLwAAFQACABf//wAAgAbSGxwdHlokY2xhc3NuYW1lWCRjbGFzc2VzXU5TTXV0YWJsZURhdGGjHR8gVk5TRGF0YVhOU09iamVjdNIbHCIjXE5TRGljdGlvbmFyeaIiIF8QD05TS2V5ZWRBcmNoaXZlctEmJ1Ryb290gAEACAARABoAIwAtADIANwBAAEYATQBVAGAAZwBqAGwAbgBxAHMAdQB3AIQAjgDfAOQA7ALWAtgC3QLoAvEC/wMDAwoDEwMYAyUDKAM6Az0DQgAAAAAAAAIBAAAAAAAAACgAAAAAAAAAAAAAAAAAAANE}}

@book{mats,
	Author = {Mats Viberg},
	Date-Added = {2016-03-09 15:00:03 +0000},
	Date-Modified = {2016-03-09 17:37:38 +0000},
	Journal = {Automatica},
	Number = {12},
	Publisher = {Pergamon},
	Series = {0005-1098},
	Title = {Subspace-based Methods for the Identification of Linear Time-invariant Systems},
	Volume = {31},
	Year = {1995},
	Bdsk-File-1 = {YnBsaXN0MDDUAQIDBAUGJCVYJHZlcnNpb25YJG9iamVjdHNZJGFyY2hpdmVyVCR0b3ASAAGGoKgHCBMUFRYaIVUkbnVsbNMJCgsMDxJXTlMua2V5c1pOUy5vYmplY3RzViRjbGFzc6INDoACgAOiEBGABIAFgAdccmVsYXRpdmVQYXRoWWFsaWFzRGF0YV8QTy4uLy4uLy4uL1VzZXJzL25lemloZW1lcnZlZ3VyZWwvRGVza3RvcC9UaGVzaXMtc3VwcGxlbWVudGFyeS9TU0EgQ29tcGFyaXNvbi5wZGbSFwsYGVdOUy5kYXRhTxEB2AAAAAAB2AACAAAMTWFjaW50b3NoIEhEAAAAAAAAAAAAAAAAAAAAz9RG5kgrAAABCIeKElNTQSBDb21wYXJpc29uLnBkZgAAAAAAAAAAAAAAAAAAAAAAAAAAAAAAAAAAAAAAAAAAAAAAAAAAAAAAAAAAAAC1zXXSX+8wAAAAAAAAAAD/////AAAJIAAAAAAAAAAAAAAAAAAAABRUaGVzaXMtc3VwcGxlbWVudGFyeQAQAAgAAM/UKsYAAAARAAgAANJf4SAAAAABABABCIeKAAk3kAAJNxMAAmb5AAIAV01hY2ludG9zaCBIRDpVc2VyczoAbmV6aWhlbWVydmVndXJlbDoARGVza3RvcDoAVGhlc2lzLXN1cHBsZW1lbnRhcnk6AFNTQSBDb21wYXJpc29uLnBkZgAADgAmABIAUwBTAEEAIABDAG8AbQBwAGEAcgBpAHMAbwBuAC4AcABkAGYADwAaAAwATQBhAGMAaQBuAHQAbwBzAGgAIABIAEQAEgBGVXNlcnMvbmV6aWhlbWVydmVndXJlbC9EZXNrdG9wL1RoZXNpcy1zdXBwbGVtZW50YXJ5L1NTQSBDb21wYXJpc29uLnBkZgATAAEvAAAVAAIAF///AACABtIbHB0eWiRjbGFzc25hbWVYJGNsYXNzZXNdTlNNdXRhYmxlRGF0YaMdHyBWTlNEYXRhWE5TT2JqZWN00hscIiNcTlNEaWN0aW9uYXJ5oiIgXxAPTlNLZXllZEFyY2hpdmVy0SYnVHJvb3SAAQAIABEAGgAjAC0AMgA3AEAARgBNAFUAYABnAGoAbABuAHEAcwB1AHcAhACOAOAA5QDtAskCywLQAtsC5ALyAvYC/QMGAwsDGAMbAy0DMAM1AAAAAAAAAgEAAAAAAAAAKAAAAAAAAAAAAAAAAAAAAzc=}}

@article{ssacomp,
	Author = {Hossein Hassani},
	Date-Added = {2016-03-09 14:48:10 +0000},
	Date-Modified = {2016-03-09 14:48:43 +0000},
	Journal = {Journal of Data Science},
	Title = {Singular Spectrum Analysis: Methodology and Comparison},
	Year = {2007},
	Bdsk-File-1 = {YnBsaXN0MDDUAQIDBAUGJCVYJHZlcnNpb25YJG9iamVjdHNZJGFyY2hpdmVyVCR0b3ASAAGGoKgHCBMUFRYaIVUkbnVsbNMJCgsMDxJXTlMua2V5c1pOUy5vYmplY3RzViRjbGFzc6INDoACgAOiEBGABIAFgAdccmVsYXRpdmVQYXRoWWFsaWFzRGF0YV8QTy4uLy4uLy4uL1VzZXJzL25lemloZW1lcnZlZ3VyZWwvRGVza3RvcC9UaGVzaXMtc3VwcGxlbWVudGFyeS9TU0EgQ29tcGFyaXNvbi5wZGbSFwsYGVdOUy5kYXRhTxEB2AAAAAAB2AACAAAMTWFjaW50b3NoIEhEAAAAAAAAAAAAAAAAAAAAz9RG5kgrAAABCIeKElNTQSBDb21wYXJpc29uLnBkZgAAAAAAAAAAAAAAAAAAAAAAAAAAAAAAAAAAAAAAAAAAAAAAAAAAAAAAAAAAAAC1zXXSX+8wAAAAAAAAAAD/////AAAJIAAAAAAAAAAAAAAAAAAAABRUaGVzaXMtc3VwcGxlbWVudGFyeQAQAAgAAM/UKsYAAAARAAgAANJf4SAAAAABABABCIeKAAk3kAAJNxMAAmb5AAIAV01hY2ludG9zaCBIRDpVc2VyczoAbmV6aWhlbWVydmVndXJlbDoARGVza3RvcDoAVGhlc2lzLXN1cHBsZW1lbnRhcnk6AFNTQSBDb21wYXJpc29uLnBkZgAADgAmABIAUwBTAEEAIABDAG8AbQBwAGEAcgBpAHMAbwBuAC4AcABkAGYADwAaAAwATQBhAGMAaQBuAHQAbwBzAGgAIABIAEQAEgBGVXNlcnMvbmV6aWhlbWVydmVndXJlbC9EZXNrdG9wL1RoZXNpcy1zdXBwbGVtZW50YXJ5L1NTQSBDb21wYXJpc29uLnBkZgATAAEvAAAVAAIAF///AACABtIbHB0eWiRjbGFzc25hbWVYJGNsYXNzZXNdTlNNdXRhYmxlRGF0YaMdHyBWTlNEYXRhWE5TT2JqZWN00hscIiNcTlNEaWN0aW9uYXJ5oiIgXxAPTlNLZXllZEFyY2hpdmVy0SYnVHJvb3SAAQAIABEAGgAjAC0AMgA3AEAARgBNAFUAYABnAGoAbABuAHEAcwB1AHcAhACOAOAA5QDtAskCywLQAtsC5ALyAvYC/QMGAwsDGAMbAy0DMAM1AAAAAAAAAgEAAAAAAAAAKAAAAAAAAAAAAAAAAAAAAzc=}}

@article{ssavar,
	Author = {Nina Golyandina, Alex Shlemov},
	Date-Added = {2016-03-09 14:47:11 +0000},
	Date-Modified = {2016-03-09 14:48:09 +0000},
	Journal = {Statistics and its interface},
	Title = {Variations of Singular Spectrum Analysis for separability improvement: non-orthogonal decompositions of time series},
	Year = {2015},
	Bdsk-File-1 = {YnBsaXN0MDDUAQIDBAUGJCVYJHZlcnNpb25YJG9iamVjdHNZJGFyY2hpdmVyVCR0b3ASAAGGoKgHCBMUFRYaIVUkbnVsbNMJCgsMDxJXTlMua2V5c1pOUy5vYmplY3RzViRjbGFzc6INDoACgAOiEBGABIAFgAdccmVsYXRpdmVQYXRoWWFsaWFzRGF0YV8QUi4uLy4uLy4uL1VzZXJzL25lemloZW1lcnZlZ3VyZWwvRGVza3RvcC9UaGVzaXMtc3VwcGxlbWVudGFyeS9WYXJpYXRpb25zIG9mIFNTQS5wZGbSFwsYGVdOUy5kYXRhTxEB5AAAAAAB5AACAAAMTWFjaW50b3NoIEhEAAAAAAAAAAAAAAAAAAAAz9RG5kgrAAABCIeKFVZhcmlhdGlvbnMgb2YgU1NBLnBkZgAAAAAAAAAAAAAAAAAAAAAAAAAAAAAAAAAAAAAAAAAAAAAAAAAAAAAAAAC1zXfSTXMZAAAAAAAAAAD/////AAAJIAAAAAAAAAAAAAAAAAAAABRUaGVzaXMtc3VwcGxlbWVudGFyeQAQAAgAAM/UKsYAAAARAAgAANJNVvkAAAABABABCIeKAAk3kAAJNxMAAmb5AAIAWk1hY2ludG9zaCBIRDpVc2VyczoAbmV6aWhlbWVydmVndXJlbDoARGVza3RvcDoAVGhlc2lzLXN1cHBsZW1lbnRhcnk6AFZhcmlhdGlvbnMgb2YgU1NBLnBkZgAOACwAFQBWAGEAcgBpAGEAdABpAG8AbgBzACAAbwBmACAAUwBTAEEALgBwAGQAZgAPABoADABNAGEAYwBpAG4AdABvAHMAaAAgAEgARAASAElVc2Vycy9uZXppaGVtZXJ2ZWd1cmVsL0Rlc2t0b3AvVGhlc2lzLXN1cHBsZW1lbnRhcnkvVmFyaWF0aW9ucyBvZiBTU0EucGRmAAATAAEvAAAVAAIAF///AACABtIbHB0eWiRjbGFzc25hbWVYJGNsYXNzZXNdTlNNdXRhYmxlRGF0YaMdHyBWTlNEYXRhWE5TT2JqZWN00hscIiNcTlNEaWN0aW9uYXJ5oiIgXxAPTlNLZXllZEFyY2hpdmVy0SYnVHJvb3SAAQAIABEAGgAjAC0AMgA3AEAARgBNAFUAYABnAGoAbABuAHEAcwB1AHcAhACOAOMA6ADwAtgC2gLfAuoC8wMBAwUDDAMVAxoDJwMqAzwDPwNEAAAAAAAAAgEAAAAAAAAAKAAAAAAAAAAAAAAAAAAAA0Y=}}

@article{slra,
	Author = {Ivan Markovsky},
	Date-Added = {2016-03-09 14:46:42 +0000},
	Date-Modified = {2016-03-09 14:47:08 +0000},
	Journal = {Automatica},
	Title = {Structured low-rank approximation and its applications},
	Year = {2008},
	Bdsk-File-1 = {YnBsaXN0MDDUAQIDBAUGJCVYJHZlcnNpb25YJG9iamVjdHNZJGFyY2hpdmVyVCR0b3ASAAGGoKgHCBMUFRYaIVUkbnVsbNMJCgsMDxJXTlMua2V5c1pOUy5vYmplY3RzViRjbGFzc6INDoACgAOiEBGABIAFgAdccmVsYXRpdmVQYXRoWWFsaWFzRGF0YV8QTy4uLy4uLy4uL1VzZXJzL25lemloZW1lcnZlZ3VyZWwvRGVza3RvcC9UaGVzaXMtc3VwcGxlbWVudGFyeS9TU0EgQ29tcGFyaXNvbi5wZGbSFwsYGVdOUy5kYXRhTxEB2AAAAAAB2AACAAAMTWFjaW50b3NoIEhEAAAAAAAAAAAAAAAAAAAAz9RG5kgrAAABCIeKElNTQSBDb21wYXJpc29uLnBkZgAAAAAAAAAAAAAAAAAAAAAAAAAAAAAAAAAAAAAAAAAAAAAAAAAAAAAAAAAAAAC1zXXSX+8wAAAAAAAAAAD/////AAAJIAAAAAAAAAAAAAAAAAAAABRUaGVzaXMtc3VwcGxlbWVudGFyeQAQAAgAAM/UKsYAAAARAAgAANJf4SAAAAABABABCIeKAAk3kAAJNxMAAmb5AAIAV01hY2ludG9zaCBIRDpVc2VyczoAbmV6aWhlbWVydmVndXJlbDoARGVza3RvcDoAVGhlc2lzLXN1cHBsZW1lbnRhcnk6AFNTQSBDb21wYXJpc29uLnBkZgAADgAmABIAUwBTAEEAIABDAG8AbQBwAGEAcgBpAHMAbwBuAC4AcABkAGYADwAaAAwATQBhAGMAaQBuAHQAbwBzAGgAIABIAEQAEgBGVXNlcnMvbmV6aWhlbWVydmVndXJlbC9EZXNrdG9wL1RoZXNpcy1zdXBwbGVtZW50YXJ5L1NTQSBDb21wYXJpc29uLnBkZgATAAEvAAAVAAIAF///AACABtIbHB0eWiRjbGFzc25hbWVYJGNsYXNzZXNdTlNNdXRhYmxlRGF0YaMdHyBWTlNEYXRhWE5TT2JqZWN00hscIiNcTlNEaWN0aW9uYXJ5oiIgXxAPTlNLZXllZEFyY2hpdmVy0SYnVHJvb3SAAQAIABEAGgAjAC0AMgA3AEAARgBNAFUAYABnAGoAbABuAHEAcwB1AHcAhACOAOAA5QDtAskCywLQAtsC5ALyAvYC/QMGAwsDGAMbAy0DMAM1AAAAAAAAAgEAAAAAAAAAKAAAAAAAAAAAAAAAAAAAAzc=}}

@mastersthesis{matthieu_thesis,
	Author = {Matthieu Simeoni},
	Date-Added = {2016-03-08 19:44:54 +0000},
	Date-Modified = {2016-03-08 19:54:16 +0000},
	School = {Ecole Polytechnique Federale de Lausanne},
	Title = {Towards More Accurate and Efficient Beamformed Radio Interferometry Imaging},
	Year = {2015},
	Bdsk-File-1 = {YnBsaXN0MDDUAQIDBAUGJCVYJHZlcnNpb25YJG9iamVjdHNZJGFyY2hpdmVyVCR0b3ASAAGGoKgHCBMUFRYaIVUkbnVsbNMJCgsMDxJXTlMua2V5c1pOUy5vYmplY3RzViRjbGFzc6INDoACgAOiEBGABIAFgAdccmVsYXRpdmVQYXRoWWFsaWFzRGF0YV8QSS4uLy4uLy4uL1VzZXJzL25lemloZW1lcnZlZ3VyZWwvRGVza3RvcC9UaGVzaXMtc3VwcGxlbWVudGFyeS9NYXR0aGlldS5wZGbSFwsYGVdOUy5kYXRhTxEBwAAAAAABwAACAAAMTWFjaW50b3NoIEhEAAAAAAAAAAAAAAAAAAAAz9RG5kgrAAABCIeKDE1hdHRoaWV1LnBkZgAAAAAAAAAAAAAAAAAAAAAAAAAAAAAAAAAAAAAAAAAAAAAAAAAAAAAAAAAAAAAAAAAAAAD6vWrSMECpAAAAAAAAAAD/////AAAJIAAAAAAAAAAAAAAAAAAAABRUaGVzaXMtc3VwcGxlbWVudGFyeQAQAAgAAM/UKsYAAAARAAgAANIwJIkAAAABABABCIeKAAk3kAAJNxMAAmb5AAIAUU1hY2ludG9zaCBIRDpVc2VyczoAbmV6aWhlbWVydmVndXJlbDoARGVza3RvcDoAVGhlc2lzLXN1cHBsZW1lbnRhcnk6AE1hdHRoaWV1LnBkZgAADgAaAAwATQBhAHQAdABoAGkAZQB1AC4AcABkAGYADwAaAAwATQBhAGMAaQBuAHQAbwBzAGgAIABIAEQAEgBAVXNlcnMvbmV6aWhlbWVydmVndXJlbC9EZXNrdG9wL1RoZXNpcy1zdXBwbGVtZW50YXJ5L01hdHRoaWV1LnBkZgATAAEvAAAVAAIAF///AACABtIbHB0eWiRjbGFzc25hbWVYJGNsYXNzZXNdTlNNdXRhYmxlRGF0YaMdHyBWTlNEYXRhWE5TT2JqZWN00hscIiNcTlNEaWN0aW9uYXJ5oiIgXxAPTlNLZXllZEFyY2hpdmVy0SYnVHJvb3SAAQAIABEAGgAjAC0AMgA3AEAARgBNAFUAYABnAGoAbABuAHEAcwB1AHcAhACOANoA3wDnAqsCrQKyAr0CxgLUAtgC3wLoAu0C+gL9Aw8DEgMXAAAAAAAAAgEAAAAAAAAAKAAAAAAAAAAAAAAAAAAAAxk=}}

@article{cadzow,
	Author = {Gillard, Jonathan},
	Date-Modified = {2016-03-08 19:43:57 +0000},
	Journal = {Statistics and its interface},
	Number = {3},
	Pages = {335--343},
	Title = {Cadzow's basic algorithm, alternating projections and singular spectrum analysis},
	Volume = {3},
	Year = {2010},
	Bdsk-File-1 = {YnBsaXN0MDDUAQIDBAUGJCVYJHZlcnNpb25YJG9iamVjdHNZJGFyY2hpdmVyVCR0b3ASAAGGoKgHCBMUFRYaIVUkbnVsbNMJCgsMDxJXTlMua2V5c1pOUy5vYmplY3RzViRjbGFzc6INDoACgAOiEBGABIAFgAdccmVsYXRpdmVQYXRoWWFsaWFzRGF0YW8QXwAuAC4ALwAuAC4ALwAuAC4ALwBVAHMAZQByAHMALwBuAGUAegBpAGgAZQBtAGUAcgB2AGUAZwB1AHIAZQBsAC8ARABlAHMAawB0AG8AcAAvAFQAaABlAHMAaQBzAC0AcwB1AHAAcABsAGUAbQBlAG4AdABhAHIAeQAvAEMAYQBkAHoAbwB3IBkAcwAgAGIAYQBzAGkAYwAgAGEAbABnAG8AcgBpAHQAaABtACwAIABhAGwAdABlAC4AcABkAGbSFwsYGVdOUy5kYXRhTxECFgAAAAACFgACAAAMTWFjaW50b3NoIEhEAAAAAAAAAAAAAAAAAAAAz9RG5kgrAAABCIeKH0NhZHpvd9VzIGJhc2ljIGFsZ29yI0I1Q0Q3OS5wZGYAAAAAAAAAAAAAAAAAAAAAAAAAAAAAAAAAAAAAAAAAAAC1zXnSKu+VAAAAAAAAAAD/////AAAJIAAAAAAAAAAAAAAAAAAAABRUaGVzaXMtc3VwcGxlbWVudGFyeQAQAAgAAM/UKsYAAAARAAgAANIq03UAAAABABABCIeKAAk3kAAJNxMAAmb5AAIAZE1hY2ludG9zaCBIRDpVc2VyczoAbmV6aWhlbWVydmVndXJlbDoARGVza3RvcDoAVGhlc2lzLXN1cHBsZW1lbnRhcnk6AENhZHpvd9VzIGJhc2ljIGFsZ29yI0I1Q0Q3OS5wZGYADgBGACIAQwBhAGQAegBvAHcgGQBzACAAYgBhAHMAaQBjACAAYQBsAGcAbwByAGkAdABoAG0ALAAgAGEAbAB0AGUALgBwAGQAZgAPABoADABNAGEAYwBpAG4AdABvAHMAaAAgAEgARAASAFhVc2Vycy9uZXppaGVtZXJ2ZWd1cmVsL0Rlc2t0b3AvVGhlc2lzLXN1cHBsZW1lbnRhcnkvQ2Fkem934oCZcyBiYXNpYyBhbGdvcml0aG0sIGFsdGUucGRmABMAAS8AABUAAgAX//8AAIAG0hscHR5aJGNsYXNzbmFtZVgkY2xhc3Nlc11OU011dGFibGVEYXRhox0fIFZOU0RhdGFYTlNPYmplY3TSGxwiI1xOU0RpY3Rpb25hcnmiIiBfEA9OU0tleWVkQXJjaGl2ZXLRJidUcm9vdIABAAgAEQAaACMALQAyADcAQABGAE0AVQBgAGcAagBsAG4AcQBzAHUAdwCEAI4BTwFUAVwDdgN4A30DiAORA58DowOqA7MDuAPFA8gD2gPdA+IAAAAAAAACAQAAAAAAAAAoAAAAAAAAAAAAAAAAAAAD5A==}}

@book{ssa,
	Author = {Golyandina, Nina and Zhigljavsky, Anatoly},
	Date-Modified = {2016-03-09 14:48:51 +0000},
	Publisher = {Springer Science \& Business Media},
	Title = {Singular Spectrum Analysis for time series},
	Year = {2013},
	Bdsk-File-1 = {YnBsaXN0MDDUAQIDBAUGJCVYJHZlcnNpb25YJG9iamVjdHNZJGFyY2hpdmVyVCR0b3ASAAGGoKgHCBMUFRYaIVUkbnVsbNMJCgsMDxJXTlMua2V5c1pOUy5vYmplY3RzViRjbGFzc6INDoACgAOiEBGABIAFgAdccmVsYXRpdmVQYXRoWWFsaWFzRGF0YV8QSS4uLy4uLy4uL1VzZXJzL25lemloZW1lcnZlZ3VyZWwvRGVza3RvcC9UaGVzaXMtc3VwcGxlbWVudGFyeS9NYXR0aGlldS5wZGbSFwsYGVdOUy5kYXRhTxEBwAAAAAABwAACAAAMTWFjaW50b3NoIEhEAAAAAAAAAAAAAAAAAAAAz9RG5kgrAAABCIeKDE1hdHRoaWV1LnBkZgAAAAAAAAAAAAAAAAAAAAAAAAAAAAAAAAAAAAAAAAAAAAAAAAAAAAAAAAAAAAAAAAAAAAD6vWrSMECpAAAAAAAAAAD/////AAAJIAAAAAAAAAAAAAAAAAAAABRUaGVzaXMtc3VwcGxlbWVudGFyeQAQAAgAAM/UKsYAAAARAAgAANIwJIkAAAABABABCIeKAAk3kAAJNxMAAmb5AAIAUU1hY2ludG9zaCBIRDpVc2VyczoAbmV6aWhlbWVydmVndXJlbDoARGVza3RvcDoAVGhlc2lzLXN1cHBsZW1lbnRhcnk6AE1hdHRoaWV1LnBkZgAADgAaAAwATQBhAHQAdABoAGkAZQB1AC4AcABkAGYADwAaAAwATQBhAGMAaQBuAHQAbwBzAGgAIABIAEQAEgBAVXNlcnMvbmV6aWhlbWVydmVndXJlbC9EZXNrdG9wL1RoZXNpcy1zdXBwbGVtZW50YXJ5L01hdHRoaWV1LnBkZgATAAEvAAAVAAIAF///AACABtIbHB0eWiRjbGFzc25hbWVYJGNsYXNzZXNdTlNNdXRhYmxlRGF0YaMdHyBWTlNEYXRhWE5TT2JqZWN00hscIiNcTlNEaWN0aW9uYXJ5oiIgXxAPTlNLZXllZEFyY2hpdmVy0SYnVHJvb3SAAQAIABEAGgAjAC0AMgA3AEAARgBNAFUAYABnAGoAbABuAHEAcwB1AHcAhACOANoA3wDnAqsCrQKyAr0CxgLUAtgC3wLoAu0C+gL9Aw8DEgMXAAAAAAAAAgEAAAAAAAAAKAAAAAAAAAAAAAAAAAAAAxk=}}
